%% This BibTeX bibliography file was created using BibDesk.
%% https://bibdesk.sourceforge.io/

%% Created for Rico Picone at 2023-07-11 00:52:50 -0700 


%% Saved with string encoding Unicode (UTF-8) 



@book{Russell2020,
	author = {Russell, S.J. and Norvig, P.},
	date-added = {2023-07-11 00:52:10 -0700},
	date-modified = {2023-07-11 00:52:48 -0700},
	isbn = {9780134610993},
	lccn = {2019047498},
	publisher = {Pearson},
	series = {Pearson series in artificial intelligence},
	title = {Artificial Intelligence: A Modern Approach},
	year = {2020}}
